2479 3508
609 159 1047 357 Barbados
535 329 2276 596 We whose names are hereunto subscribed do
529 511 2237 718 testify and Declare. That we know not any
520 631 2272 877 Hetrocoxy or Imorality In the Revd Mr Joseph
520 740 2168 942 Holt, & that we never Did write, or give
531 860 2226 1064 any Informations against said Mr
531 951 2233 1169 Holt. But (on the contrary) do certify -
522 1060 2252 1299 That he the said Mr Holt Hath, (for what
522 1184 2239 1375 we know) behav'd himselfe very Soberly,
514 1301 2189 1452 gravely, & as becomes a Clergy-Man to
514 1371 2226 1571 The truth of all which, we have herunto
498 1462 1158 1658 Put our hands
1295 1674 1939 1933 Charles Irvine
